00587cas a22002291a 4500
001 999282713502836
003 Nz
005 20160321142625.0
008 031222d18851914nz  r ne      0   0 eng d
035    $a (NLNZils)928271
035    $a (Nz)8138634
035    $a (NLNZils)928271-ilsdb
035    $a (OCoLC)173421030
040    $a WN $c WN
042    $a nznb
043    $a u-nz---
245 00 $a Egmont star.
260    $a [Hawera, N.Z. : $b s.n., $c 1885-1914]
310    $a Weekly
362 0  $a 1885 Jan.3-1914 Sep.26?
651  0 $a Hawera (N.Z.) $v Newspapers.
655  7 $a New Zealand newspapers. $2 local $5 Nz
